@misc{trofi-make-shuffle,
  author = {Sergei Trofimovich},
  title = {{A small update on 'make {-}{-}shuffle' mode}},
  howpublished = "\url{https://trofi.github.io/posts/249-an-update-on-make-shuffle.html}",
  year = {2022}, 
  note = "[Online; accessed 11-March-2024]"
}

@misc{make-shuffle-patch,
  title = {{Random by default patch for Make}},
  howpublished = "\url{https://slyfox.uni.cx/distfiles/make/make-4.3.90.20220619-random-by-default.patch}",
  year = {2022},
  note = "[Online; accessed 14-March-2024]"
}

@misc{gentoo-bugzilla,
  howpublished = "\url{https://bugs.gentoo.org/351559}",
  title = "Packages failing to use parallel make",
  year = {2011},
  note = "[Online; accessed 14-March-2024]"
}

@misc{bazel-sandbox,
    title = {{Bazel sandboxing}},
    howpublished = "\url{https://bazel.build/docs/sandboxing}",
    year = {2024}, 
    note = "[Online; accessed 12-March-2024]"
}


@misc{inode-docs,
    title = {{Dynamic Structures}},
    howpublished = "\url{https://www.kernel.org/doc/html/latest/filesystems/ext4/dynamic.html?highlight=inode#directory-entries}",
    note = "[Online; accessed 18-March-2024]"
}