@inproceedings{
35604,
    title	 = {ThreadSanitizer – data race detection in practice.},
    author	 = {Konstantin Serebryany and Timur Iskhodzhanov},
    year	 = {2009},
    URL	 = {http://doi.acm.org/10.1145/1791194.1791203},
    booktitle	 = {Proceedings of the Workshop on Binary Instrumentation and Applications},
    pages	 = {62--71},
    address	 = {NYC, NY, U.S.A.}
}

@misc{trofi-make-shuffle,
    author = {Sergei Trofimovich},
    title = {{A small update on 'make -{}-shuffle' mode}},
    howpublished = "\url{https://trofi.github.io/posts/249-an-update-on-make-shuffle.html}",
    year = {2022},
    note = "[Online; accessed 11-March-2024]"
}

@misc{make-shuffle-patch,
    title = {{Random by default patch for Make}},
    howpublished = "\url{https://slyfox.uni.cx/distfiles/make/make-4.3.90.20220619-random-by-default.patch}",
    year = {2022},
    note = "[Online; accessed 14-March-2024]"
}

@misc{gentoo-bugzilla,
    title = "{{Packages failing to use parallel make}}",
    howpublished = "\url{https://bugs.gentoo.org/351559}",
    year = {2011},
    note = "[Online; accessed 14-March-2024]"
}

@misc{bazel-sandbox,
    title = "{{Bazel sandboxing}}",
    howpublished = "\url{https://bazel.build/docs/sandboxing}",
    year = {2024},
    note = "[Online; accessed 12-March-2024]"
}

@ARTICLE{8277153,
    author={},
    journal={IEEE Std 1003.1-2017 (Revision of IEEE Std 1003.1-2008)},
    title={IEEE Standard for Information Technology--Portable Operating System Interface (POSIX(TM)) Base Specifications, Issue 7},
    year={2018},
    volume={},
    number={},
    pages={1-3951},
    keywords={IEEE Standards;Operating systems;Access control;Information technology;Utility programs;Synchronization;Batch production systems;Application programming interfaces;application program interface (API);argument;asynchronous;basic regular expression (BRE);batch job;batch system;built-in utility;byte;child;command language interpreter;CPU;extended regular expression (ERE);FIFO;file access control mechanism;IEEE 1003.1;input/output (I/O);job control;network;parent;portable operating system interface (POSIX);shell;stream;string;synchronous;system;thread;X/Open System Interface (XSI)},
    doi={10.1109/IEEESTD.2018.8277153}}



@misc{race-3-example,
    title = "{{PR: Makefile.in: guarantee directory creation at install time before file copy}}",
    howpublished = "\url{https://github.com/telmich/gpm/pull/43}",
    note = "[Online; accessed 21-March-2024]"
}

@misc{unix-sockets,
    title = "{{unix(7) — Linux manual page}}",
    howpublished = "\url{https://man7.org/linux/man-pages/man7/unix.7.html}",
    note = "[Online; accessed 25-April-2024]"
}

@misc{strace-race,
    title = "{{PR: mpers: add missing dependency on autogenerated sys\_func.h}}",
    howpublished = "\url{https://github.com/strace/strace/pull/215}",
    note = "[Online; accessed 8-April-2024]"
}

@misc{thread-sanitizer-docs,
    title = "Clang 19.0.0git documentation - Thread Sanitizer",
    howpublished = "\url{https://clang.llvm.org/docs/ThreadSanitizer.html}",
    note = "[Online; accessed 22-April-2024]",
}

@misc{address-sanitizer-docs,
    title = "Clang 19.0.0git documentation - Address Sanitizer",
    howpublished = "\url{https://clang.llvm.org/docs/AddressSanitizer.html}",
    note = "[Online; accessed 22-April-2024]",
}

